@misc{ernie3.0,
      title={ERNIE 3.0: Large-scale Knowledge Enhanced Pre-training for Language Understanding and Generation}, 
      author={Yu Sun and Shuohuan Wang and Shikun Feng and Siyu Ding and Chao Pang and Junyuan Shang and Jiaxiang Liu and Xuyi Chen and Yanbin Zhao and Yuxiang Lu and Weixin Liu and Zhihua Wu and Weibao Gong and Jianzhong Liang and Zhizhou Shang and Peng Sun and Wei Liu and Xuan Ouyang and Dianhai Yu and Hao Tian and Hua Wu and Haifeng Wang},
      year={2021},
      eprint={2107.02137},
      archivePrefix={arXiv},
      primaryClass={cs.CL}
}

@misc{goemotions,
      title={GoEmotions: A Dataset of Fine-Grained Emotions}, 
      author={Dorottya Demszky and Dana Movshovitz-Attias and Jeongwoo Ko and Alan Cowen and Gaurav Nemade and Sujith Ravi},
      year={2020},
      eprint={2005.00547},
      archivePrefix={arXiv},
      primaryClass={cs.CL}
}

@misc{ernie,
  author = {Baidu Inc.},
  title = {Official implementations for various pre-training models of ERNIE-family, covering topics of Language Understanding & Generation, Multimodal Understanding & Generation, and beyond.},
  year = {2022},
  publisher = {GitHub},
  journal = {GitHub repository},
  howpublished = {\url{https://github.com/PaddlePaddle/ERNIE}},
  commit = {03d886406f507ec478e342212f70fda919f27b4f}
}

@misc{paddlenlp,
  author = {Baidu Inc.},
  title = {PaddleNLP is a NLP library that is both easy to use and powerful.},
  year = {2023},
  publisher = {GitHub},
  journal = {GitHub repository},
  howpublished = {\url{https://github.com/PaddlePaddle/PaddleNLP}},
  commit = {fb8f2bec6a42f633676c03c0f0c595999b093092}
}